@book{2007PSFCSHans,
    author    = "Hans Petter Langtangen",
    title     = "Python Scripting for Computational Science",
    year      = "2007",
    address   = "Simula Research Laboratory and Department of Informatics University of Oslo",
    keywords  = " C programming language, C++ programming, C++ programming language, C/C++, FORTRAN, Open Source, Python, Windows, computational science, interfaces, language, programming, simulation, software, user interface"
}

@article{2008ACLWCFTTGuy,
    author  = "Guy, K. Kloss",
    title   = "Automatic C Library Wrapping Ctypes from the Trenches",
    year    = "2008",
    journal = "Open Journal System",
    volume  = "3",
    number  = "3",
    keywords  = "Python, Ctypes, wrapping, automation, code generation"
}

@ARTICLE{2003USTBCTPTeresa,
    author={Cottom, T.L.},
    journal={Computing in Science Engineering},
    title={Using SWIG to bind C++ to Python},
    year={2003},
    month={Mar},
    volume={5},
    number={2},
    pages={88-97},
    keywords={C++ language;application program interfaces;object-oriented programming;physics computing;C code preprocessing;C++ code preprocessing;C++/Python binding;Java;Perl;SWIG;Simplified Wrapper and Interface Generator;Tcl;exceptions;interpreted languages;large parallel simulation code;library bindings;open-source application;physics packages;templates;Libraries;Linux;Prototypes;Scientific computing},
    doi={10.1109/MCISE.2003.1182968},
    ISSN={1521-9615}
}

@ARTICLE{2004APETTAOSFTTGCTSTadashi,
    author={Maeno, T. and Kataoka, Y. and Komatsu, S. and Nakayoshi, K. and Yasu, Y.},
    journal={Nuclear Science, IEEE Transactions on},
    title={A python extension to the ATLAS online software for the thin gap chamber trigger system},
    year={2004},
    month={June},
    volume={51},
    number={3},
    pages={576-577},
    keywords={C++ language;computer software;high energy physics instrumentation computing;position sensitive particle detectors;software libraries;ATLAS online software;Boost.Python C++ library;Python extension module;Python-based Web application server;Zope;built-in high-level libraries;interactive scripting language;test software;thin gap chamber trigger system;toroidal LHC apparatus;Application software;Data acquisition;Helium;Information management;Java;Large Hadron Collider;Monitoring;Software libraries;Software testing;System testing},
    doi={10.1109/TNS.2004.828505},
    ISSN={0018-9499}
}

@INPROCEEDINGS{2004CAPGFACIPLWuth,
    author={Wuth, S.N. and Coetzee, R. and Levitt, S.P.},
    booktitle={AFRICON, 2004. 7th AFRICON Conference in Africa},
    title={Creating a Python GUI for a C++ image processing library},
    year={2004},
    month={Sept},
    volume={2},
    pages={1203-1206 Vol.2},
    keywords={C++ language;graphical user interfaces;image processing;software libraries;wrapping;C++ framework;C++ functions packaging chunks;C++ image processing library;IPL98 classes;IPL98 functionalities;IPL98 library;Python GUI;Python bindings;Tkinter;graphical user interface;image data accessing;image storage;productivity gains;scripting language;wrapping;Graphical user interfaces;Image processing;Image resolution;Image storage;Libraries;Logic;Packaging;Productivity;User interfaces;Wrapping},
    doi={10.1109/AFRICON.2004.1406880}
}

@article{2004RBPCBGenrowicz,
    author = {Generowicz, Jacek and Lavrijsen, Wim T.L.P. and Marino, Massimo and Mato, Pere},
    title = {Reflection-Based Python-C++ Bindings},
    year= {2004},
    month={Oct},
    keywords ={LCG; SEAL; dictionary; PyLCGDict; PyROOT; ROOT; CINT; PyReflex}

}

@article{2014IACGWLTamas,
    author = {Tam√°s Szelei},
    title = {Implementing a code generator with libclang},
    year={2014},
    month={Febr},
    keywords={c++, clang, java, language-lawyering, python, rarely-known-constructs},
    doi={10.5708/szelei.2014.A.1}
}

@misc{clangmain,
    author = {LLVM community},
    title = {Clang description},
    howpublished = "\url{http://clang.llvm.org/index.html}"
}

@misc{pythonctypes,
    author = {Python community},
    title = {A foreign function library for Python},
    howpublished = "\url{https://docs.python.org/2/library/ctypes.html}"
}

@misc{swigmaindoc,
    author = {SWIG community},
    title = {SWIG Users Manual},
    howpublished = "\url{http://www.swig.org/Doc3.0/Contents.html}"
}

@misc{bpmaindoc,
    author = {Dave Abrahams},
    title = {Boost.Python internals},
    howpublished = "\url{https://wiki.python.org/moin/boost.python/PeekUnderTheHoodl}"
}